@book{ref:vahid,
	author={Frank. VAHID},
	title={Sistemas Digitais},
	subtitle = {Projeto, Otimização e HDLs},
	publisher={Artmed},
	year={2008},
}
@manual{ref:de0-nano,
	author = {Terasic},
	title = {DE0-Nano User Manual},
	date = {03/10/2021},
	subtitle = {World Leading FPGA Based Products and Design Services},
	language = {English},
	organization={Altera},
	year={2021},
	version = {2.3},
	pages = {154},
	url = {https://www.terasic.com.tw/cgi-bin/page/archive.pl?Language=English&CategoryNo=139&No=593&PartNo=4},
}
