@misc{ref:ufersa-caraubas,
	author = {UFERSA},
	title = {Engenharia Elétrica - Campus Caraúbas},
	Year = {2014},
	url = {https://engeletricacaraubas.ufersa.edu.br/o-profissional/},
	Urlaccessdate = {13 de outubro de 2022}
}
